%YAML 1.1
%TAG !u! tag:unity3d.com,2011:
--- !u!1 &291368360838356740
GameObject:
  m_ObjectHideFlags: 0
  m_CorrespondingSourceObject: {fileID: 0}
  m_PrefabInstance: {fileID: 0}
  m_PrefabAsset: {fileID: 0}
  serializedVersion: 6
  m_Component:
  - component: {fileID: 5874605807413060831}
  m_Layer: 0
  m_Name: MyClassroom
  m_TagString: Untagged
  m_Icon: {fileID: 0}
  m_NavMeshLayer: 0
  m_StaticEditorFlags: 0
  m_IsActive: 1
--- !u!4 &5874605807413060831
Transform:
  m_ObjectHideFlags: 0
  m_CorrespondingSourceObject: {fileID: 0}
  m_PrefabInstance: {fileID: 0}
  m_PrefabAsset: {fileID: 0}
  m_GameObject: {fileID: 291368360838356740}
  m_LocalRotation: {x: 0, y: 0, z: 0, w: 1}
  m_LocalPosition: {x: -12.015, y: 4.221, z: -13.186}
  m_LocalScale: {x: 1, y: 1, z: 1}
  m_ConstrainProportionsScale: 0
  m_Children:
  - {fileID: 7077526238938701124}
  - {fileID: 3212151821040105753}
  - {fileID: 6522952899902677337}
  - {fileID: 6522952900776837312}
  m_Father: {fileID: 0}
  m_RootOrder: 0
  m_LocalEulerAnglesHint: {x: 0, y: 0, z: 0}
--- !u!1001 &6522952899902553049
PrefabInstance:
  m_ObjectHideFlags: 0
  serializedVersion: 2
  m_Modification:
    m_TransformParent: {fileID: 5874605807413060831}
    m_Modifications:
    - target: {fileID: 100000, guid: 41e803f37ceef4e4a9d12a23d7e1ed2f, type: 3}
      propertyPath: m_Name
      value: Blackboard
      objectReference: {fileID: 0}
    - target: {fileID: 400000, guid: 41e803f37ceef4e4a9d12a23d7e1ed2f, type: 3}
      propertyPath: m_RootOrder
      value: 2
      objectReference: {fileID: 0}
    - target: {fileID: 400000, guid: 41e803f37ceef4e4a9d12a23d7e1ed2f, type: 3}
      propertyPath: m_LocalScale.x
      value: 1.1456962
      objectReference: {fileID: 0}
    - target: {fileID: 400000, guid: 41e803f37ceef4e4a9d12a23d7e1ed2f, type: 3}
      propertyPath: m_LocalScale.y
      value: 1.1456962
      objectReference: {fileID: 0}
    - target: {fileID: 400000, guid: 41e803f37ceef4e4a9d12a23d7e1ed2f, type: 3}
      propertyPath: m_LocalScale.z
      value: 1.1456962
      objectReference: {fileID: 0}
    - target: {fileID: 400000, guid: 41e803f37ceef4e4a9d12a23d7e1ed2f, type: 3}
      propertyPath: m_LocalPosition.x
      value: 6.2529
      objectReference: {fileID: 0}
    - target: {fileID: 400000, guid: 41e803f37ceef4e4a9d12a23d7e1ed2f, type: 3}
      propertyPath: m_LocalPosition.y
      value: -0.7766001
      objectReference: {fileID: 0}
    - target: {fileID: 400000, guid: 41e803f37ceef4e4a9d12a23d7e1ed2f, type: 3}
      propertyPath: m_LocalPosition.z
      value: -5.323001
      objectReference: {fileID: 0}
    - target: {fileID: 400000, guid: 41e803f37ceef4e4a9d12a23d7e1ed2f, type: 3}
      propertyPath: m_LocalRotation.w
      value: 1
      objectReference: {fileID: 0}
    - target: {fileID: 400000, guid: 41e803f37ceef4e4a9d12a23d7e1ed2f, type: 3}
      propertyPath: m_LocalRotation.x
      value: -0
      objectReference: {fileID: 0}
    - target: {fileID: 400000, guid: 41e803f37ceef4e4a9d12a23d7e1ed2f, type: 3}
      propertyPath: m_LocalRotation.y
      value: -0
      objectReference: {fileID: 0}
    - target: {fileID: 400000, guid: 41e803f37ceef4e4a9d12a23d7e1ed2f, type: 3}
      propertyPath: m_LocalRotation.z
      value: -0
      objectReference: {fileID: 0}
    - target: {fileID: 400000, guid: 41e803f37ceef4e4a9d12a23d7e1ed2f, type: 3}
      propertyPath: m_LocalEulerAnglesHint.x
      value: 0
      objectReference: {fileID: 0}
    - target: {fileID: 400000, guid: 41e803f37ceef4e4a9d12a23d7e1ed2f, type: 3}
      propertyPath: m_LocalEulerAnglesHint.y
      value: 0
      objectReference: {fileID: 0}
    - target: {fileID: 400000, guid: 41e803f37ceef4e4a9d12a23d7e1ed2f, type: 3}
      propertyPath: m_LocalEulerAnglesHint.z
      value: 0
      objectReference: {fileID: 0}
    - target: {fileID: 2300000, guid: 41e803f37ceef4e4a9d12a23d7e1ed2f, type: 3}
      propertyPath: m_Materials.Array.data[0]
      value: 
      objectReference: {fileID: 2100000, guid: b9a2e0c8122680e40bde81259df823bb, type: 2}
    m_RemovedComponents: []
  m_SourcePrefab: {fileID: 100100000, guid: 41e803f37ceef4e4a9d12a23d7e1ed2f, type: 3}
--- !u!4 &6522952899902677337 stripped
Transform:
  m_CorrespondingSourceObject: {fileID: 400000, guid: 41e803f37ceef4e4a9d12a23d7e1ed2f,
    type: 3}
  m_PrefabInstance: {fileID: 6522952899902553049}
  m_PrefabAsset: {fileID: 0}
--- !u!1001 &6522952900099522557
PrefabInstance:
  m_ObjectHideFlags: 0
  serializedVersion: 2
  m_Modification:
    m_TransformParent: {fileID: 5874605807413060831}
    m_Modifications:
    - target: {fileID: 4088779762850046648, guid: 1f75a4a1ec4271442a6c51de842cadf0,
        type: 3}
      propertyPath: m_Name
      value: L2
      objectReference: {fileID: 0}
    - target: {fileID: 4088779762850046649, guid: 1f75a4a1ec4271442a6c51de842cadf0,
        type: 3}
      propertyPath: m_Pivot.x
      value: 0.5
      objectReference: {fileID: 0}
    - target: {fileID: 4088779762850046649, guid: 1f75a4a1ec4271442a6c51de842cadf0,
        type: 3}
      propertyPath: m_Pivot.y
      value: 0.5
      objectReference: {fileID: 0}
    - target: {fileID: 4088779762850046649, guid: 1f75a4a1ec4271442a6c51de842cadf0,
        type: 3}
      propertyPath: m_RootOrder
      value: 0
      objectReference: {fileID: 0}
    - target: {fileID: 4088779762850046649, guid: 1f75a4a1ec4271442a6c51de842cadf0,
        type: 3}
      propertyPath: m_AnchorMax.x
      value: 0
      objectReference: {fileID: 0}
    - target: {fileID: 4088779762850046649, guid: 1f75a4a1ec4271442a6c51de842cadf0,
        type: 3}
      propertyPath: m_AnchorMax.y
      value: 0
      objectReference: {fileID: 0}
    - target: {fileID: 4088779762850046649, guid: 1f75a4a1ec4271442a6c51de842cadf0,
        type: 3}
      propertyPath: m_AnchorMin.x
      value: 0
      objectReference: {fileID: 0}
    - target: {fileID: 4088779762850046649, guid: 1f75a4a1ec4271442a6c51de842cadf0,
        type: 3}
      propertyPath: m_AnchorMin.y
      value: 0
      objectReference: {fileID: 0}
    - target: {fileID: 4088779762850046649, guid: 1f75a4a1ec4271442a6c51de842cadf0,
        type: 3}
      propertyPath: m_SizeDelta.x
      value: 692.913
      objectReference: {fileID: 0}
    - target: {fileID: 4088779762850046649, guid: 1f75a4a1ec4271442a6c51de842cadf0,
        type: 3}
      propertyPath: m_SizeDelta.y
      value: 344.5386
      objectReference: {fileID: 0}
    - target: {fileID: 4088779762850046649, guid: 1f75a4a1ec4271442a6c51de842cadf0,
        type: 3}
      propertyPath: m_LocalScale.x
      value: 0.0016182062
      objectReference: {fileID: 0}
    - target: {fileID: 4088779762850046649, guid: 1f75a4a1ec4271442a6c51de842cadf0,
        type: 3}
      propertyPath: m_LocalScale.y
      value: 0.0028042828
      objectReference: {fileID: 0}
    - target: {fileID: 4088779762850046649, guid: 1f75a4a1ec4271442a6c51de842cadf0,
        type: 3}
      propertyPath: m_LocalScale.z
      value: 0.0033175028
      objectReference: {fileID: 0}
    - target: {fileID: 4088779762850046649, guid: 1f75a4a1ec4271442a6c51de842cadf0,
        type: 3}
      propertyPath: m_LocalPosition.x
      value: 0
      objectReference: {fileID: 0}
    - target: {fileID: 4088779762850046649, guid: 1f75a4a1ec4271442a6c51de842cadf0,
        type: 3}
      propertyPath: m_LocalPosition.y
      value: 0
      objectReference: {fileID: 0}
    - target: {fileID: 4088779762850046649, guid: 1f75a4a1ec4271442a6c51de842cadf0,
        type: 3}
      propertyPath: m_LocalPosition.z
      value: 0
      objectReference: {fileID: 0}
    - target: {fileID: 4088779762850046649, guid: 1f75a4a1ec4271442a6c51de842cadf0,
        type: 3}
      propertyPath: m_LocalRotation.w
      value: 0.7071068
      objectReference: {fileID: 0}
    - target: {fileID: 4088779762850046649, guid: 1f75a4a1ec4271442a6c51de842cadf0,
        type: 3}
      propertyPath: m_LocalRotation.x
      value: -0
      objectReference: {fileID: 0}
    - target: {fileID: 4088779762850046649, guid: 1f75a4a1ec4271442a6c51de842cadf0,
        type: 3}
      propertyPath: m_LocalRotation.y
      value: -0.7071068
      objectReference: {fileID: 0}
    - target: {fileID: 4088779762850046649, guid: 1f75a4a1ec4271442a6c51de842cadf0,
        type: 3}
      propertyPath: m_LocalRotation.z
      value: -0
      objectReference: {fileID: 0}
    - target: {fileID: 4088779762850046649, guid: 1f75a4a1ec4271442a6c51de842cadf0,
        type: 3}
      propertyPath: m_AnchoredPosition.x
      value: 0
      objectReference: {fileID: 0}
    - target: {fileID: 4088779762850046649, guid: 1f75a4a1ec4271442a6c51de842cadf0,
        type: 3}
      propertyPath: m_AnchoredPosition.y
      value: 0
      objectReference: {fileID: 0}
    - target: {fileID: 4088779762850046649, guid: 1f75a4a1ec4271442a6c51de842cadf0,
        type: 3}
      propertyPath: m_LocalEulerAnglesHint.x
      value: 0
      objectReference: {fileID: 0}
    - target: {fileID: 4088779762850046649, guid: 1f75a4a1ec4271442a6c51de842cadf0,
        type: 3}
      propertyPath: m_LocalEulerAnglesHint.y
      value: -90
      objectReference: {fileID: 0}
    - target: {fileID: 4088779762850046649, guid: 1f75a4a1ec4271442a6c51de842cadf0,
        type: 3}
      propertyPath: m_LocalEulerAnglesHint.z
      value: 0
      objectReference: {fileID: 0}
    m_RemovedComponents: []
  m_SourcePrefab: {fileID: 100100000, guid: 1f75a4a1ec4271442a6c51de842cadf0, type: 3}
--- !u!224 &7077526238938701124 stripped
RectTransform:
  m_CorrespondingSourceObject: {fileID: 4088779762850046649, guid: 1f75a4a1ec4271442a6c51de842cadf0,
    type: 3}
  m_PrefabInstance: {fileID: 6522952900099522557}
  m_PrefabAsset: {fileID: 0}
--- !u!1 &7077526238938701125 stripped
GameObject:
  m_CorrespondingSourceObject: {fileID: 4088779762850046648, guid: 1f75a4a1ec4271442a6c51de842cadf0,
    type: 3}
  m_PrefabInstance: {fileID: 6522952900099522557}
  m_PrefabAsset: {fileID: 0}
--- !u!114 &6522952900099522559
MonoBehaviour:
  m_ObjectHideFlags: 0
  m_CorrespondingSourceObject: {fileID: 0}
  m_PrefabInstance: {fileID: 0}
  m_PrefabAsset: {fileID: 0}
  m_GameObject: {fileID: 7077526238938701125}
  m_Enabled: 1
  m_EditorHideFlags: 0
  m_Script: {fileID: 11500000, guid: fe87c0e1cc204ed48ad3b37840f39efc, type: 3}
  m_Name: 
  m_EditorClassIdentifier: 
  m_Material: {fileID: 0}
  m_Color: {r: 1, g: 1, b: 1, a: 1}
  m_RaycastTarget: 1
  m_RaycastPadding: {x: 0, y: 0, z: 0, w: 0}
  m_Maskable: 1
  m_OnCullStateChanged:
    m_PersistentCalls:
      m_Calls: []
  m_Sprite: {fileID: 21300000, guid: 94e9d51a37a85fc44b108e258a5d1e1e, type: 3}
  m_Type: 0
  m_PreserveAspect: 0
  m_FillCenter: 1
  m_FillMethod: 4
  m_FillAmount: 1
  m_FillClockwise: 1
  m_FillOrigin: 0
  m_UseSpriteMesh: 0
  m_PixelsPerUnitMultiplier: 1
--- !u!1001 &6522952900404928575
PrefabInstance:
  m_ObjectHideFlags: 0
  serializedVersion: 2
  m_Modification:
    m_TransformParent: {fileID: 5874605807413060831}
    m_Modifications:
    - target: {fileID: 8508975396157741349, guid: 0f7dc52d76d398d49b159cfd324b8c17,
        type: 3}
      propertyPath: m_Name
      value: Classroom
      objectReference: {fileID: 0}
    - target: {fileID: 8508975396157741350, guid: 0f7dc52d76d398d49b159cfd324b8c17,
        type: 3}
      propertyPath: m_RootOrder
      value: 1
      objectReference: {fileID: 0}
    - target: {fileID: 8508975396157741350, guid: 0f7dc52d76d398d49b159cfd324b8c17,
        type: 3}
      propertyPath: m_LocalPosition.x
      value: 4.564369
      objectReference: {fileID: 0}
    - target: {fileID: 8508975396157741350, guid: 0f7dc52d76d398d49b159cfd324b8c17,
        type: 3}
      propertyPath: m_LocalPosition.y
      value: -1.5650003
      objectReference: {fileID: 0}
    - target: {fileID: 8508975396157741350, guid: 0f7dc52d76d398d49b159cfd324b8c17,
        type: 3}
      propertyPath: m_LocalPosition.z
      value: -1.7641459
      objectReference: {fileID: 0}
    - target: {fileID: 8508975396157741350, guid: 0f7dc52d76d398d49b159cfd324b8c17,
        type: 3}
      propertyPath: m_LocalRotation.w
      value: 1
      objectReference: {fileID: 0}
    - target: {fileID: 8508975396157741350, guid: 0f7dc52d76d398d49b159cfd324b8c17,
        type: 3}
      propertyPath: m_LocalRotation.x
      value: -0
      objectReference: {fileID: 0}
    - target: {fileID: 8508975396157741350, guid: 0f7dc52d76d398d49b159cfd324b8c17,
        type: 3}
      propertyPath: m_LocalRotation.y
      value: -0
      objectReference: {fileID: 0}
    - target: {fileID: 8508975396157741350, guid: 0f7dc52d76d398d49b159cfd324b8c17,
        type: 3}
      propertyPath: m_LocalRotation.z
      value: -0
      objectReference: {fileID: 0}
    - target: {fileID: 8508975396157741350, guid: 0f7dc52d76d398d49b159cfd324b8c17,
        type: 3}
      propertyPath: m_LocalEulerAnglesHint.x
      value: 0
      objectReference: {fileID: 0}
    - target: {fileID: 8508975396157741350, guid: 0f7dc52d76d398d49b159cfd324b8c17,
        type: 3}
      propertyPath: m_LocalEulerAnglesHint.y
      value: 0
      objectReference: {fileID: 0}
    - target: {fileID: 8508975396157741350, guid: 0f7dc52d76d398d49b159cfd324b8c17,
        type: 3}
      propertyPath: m_LocalEulerAnglesHint.z
      value: 0
      objectReference: {fileID: 0}
    - target: {fileID: 8510122673071497865, guid: 0f7dc52d76d398d49b159cfd324b8c17,
        type: 3}
      propertyPath: m_LocalPosition.x
      value: 0.13
      objectReference: {fileID: 0}
    - target: {fileID: 8510122673071497865, guid: 0f7dc52d76d398d49b159cfd324b8c17,
        type: 3}
      propertyPath: m_LocalPosition.y
      value: 0.99899995
      objectReference: {fileID: 0}
    - target: {fileID: 8510122673071497865, guid: 0f7dc52d76d398d49b159cfd324b8c17,
        type: 3}
      propertyPath: m_LocalPosition.z
      value: -3.9712012
      objectReference: {fileID: 0}
    - target: {fileID: 8510511763089660706, guid: 0f7dc52d76d398d49b159cfd324b8c17,
        type: 3}
      propertyPath: m_LocalPosition.y
      value: 0.93899995
      objectReference: {fileID: 0}
    - target: {fileID: 8510511763089660706, guid: 0f7dc52d76d398d49b159cfd324b8c17,
        type: 3}
      propertyPath: m_LocalPosition.z
      value: -3.9863014
      objectReference: {fileID: 0}
    - target: {fileID: 8510511763393271855, guid: 0f7dc52d76d398d49b159cfd324b8c17,
        type: 3}
      propertyPath: m_LocalPosition.y
      value: 0.937
      objectReference: {fileID: 0}
    - target: {fileID: 8510511763393271855, guid: 0f7dc52d76d398d49b159cfd324b8c17,
        type: 3}
      propertyPath: m_LocalPosition.z
      value: -3.965
      objectReference: {fileID: 0}
    - target: {fileID: 8510528810706032897, guid: 0f7dc52d76d398d49b159cfd324b8c17,
        type: 3}
      propertyPath: m_LocalPosition.x
      value: -4.976
      objectReference: {fileID: 0}
    - target: {fileID: 8510528810706032897, guid: 0f7dc52d76d398d49b159cfd324b8c17,
        type: 3}
      propertyPath: m_LocalPosition.z
      value: -4.036
      objectReference: {fileID: 0}
    m_RemovedComponents: []
  m_SourcePrefab: {fileID: 100100000, guid: 0f7dc52d76d398d49b159cfd324b8c17, type: 3}
--- !u!4 &3212151821040105753 stripped
Transform:
  m_CorrespondingSourceObject: {fileID: 8508975396157741350, guid: 0f7dc52d76d398d49b159cfd324b8c17,
    type: 3}
  m_PrefabInstance: {fileID: 6522952900404928575}
  m_PrefabAsset: {fileID: 0}
--- !u!1001 &6522952900777237056
PrefabInstance:
  m_ObjectHideFlags: 0
  serializedVersion: 2
  m_Modification:
    m_TransformParent: {fileID: 5874605807413060831}
    m_Modifications:
    - target: {fileID: 100000, guid: 41e803f37ceef4e4a9d12a23d7e1ed2f, type: 3}
      propertyPath: m_Name
      value: Blackboard (1)
      objectReference: {fileID: 0}
    - target: {fileID: 400000, guid: 41e803f37ceef4e4a9d12a23d7e1ed2f, type: 3}
      propertyPath: m_RootOrder
      value: 3
      objectReference: {fileID: 0}
    - target: {fileID: 400000, guid: 41e803f37ceef4e4a9d12a23d7e1ed2f, type: 3}
      propertyPath: m_LocalScale.x
      value: 1.1456962
      objectReference: {fileID: 0}
    - target: {fileID: 400000, guid: 41e803f37ceef4e4a9d12a23d7e1ed2f, type: 3}
      propertyPath: m_LocalScale.y
      value: 1.1456962
      objectReference: {fileID: 0}
    - target: {fileID: 400000, guid: 41e803f37ceef4e4a9d12a23d7e1ed2f, type: 3}
      propertyPath: m_LocalScale.z
      value: 1.1456962
      objectReference: {fileID: 0}
    - target: {fileID: 400000, guid: 41e803f37ceef4e4a9d12a23d7e1ed2f, type: 3}
      propertyPath: m_LocalPosition.x
      value: 2.3102999
      objectReference: {fileID: 0}
    - target: {fileID: 400000, guid: 41e803f37ceef4e4a9d12a23d7e1ed2f, type: 3}
      propertyPath: m_LocalPosition.y
      value: -0.7766001
      objectReference: {fileID: 0}
    - target: {fileID: 400000, guid: 41e803f37ceef4e4a9d12a23d7e1ed2f, type: 3}
      propertyPath: m_LocalPosition.z
      value: -5.323001
      objectReference: {fileID: 0}
    - target: {fileID: 400000, guid: 41e803f37ceef4e4a9d12a23d7e1ed2f, type: 3}
      propertyPath: m_LocalRotation.w
      value: 1
      objectReference: {fileID: 0}
    - target: {fileID: 400000, guid: 41e803f37ceef4e4a9d12a23d7e1ed2f, type: 3}
      propertyPath: m_LocalRotation.x
      value: -0
      objectReference: {fileID: 0}
    - target: {fileID: 400000, guid: 41e803f37ceef4e4a9d12a23d7e1ed2f, type: 3}
      propertyPath: m_LocalRotation.y
      value: -0
      objectReference: {fileID: 0}
    - target: {fileID: 400000, guid: 41e803f37ceef4e4a9d12a23d7e1ed2f, type: 3}
      propertyPath: m_LocalRotation.z
      value: -0
      objectReference: {fileID: 0}
    - target: {fileID: 400000, guid: 41e803f37ceef4e4a9d12a23d7e1ed2f, type: 3}
      propertyPath: m_LocalEulerAnglesHint.x
      value: 0
      objectReference: {fileID: 0}
    - target: {fileID: 400000, guid: 41e803f37ceef4e4a9d12a23d7e1ed2f, type: 3}
      propertyPath: m_LocalEulerAnglesHint.y
      value: 0
      objectReference: {fileID: 0}
    - target: {fileID: 400000, guid: 41e803f37ceef4e4a9d12a23d7e1ed2f, type: 3}
      propertyPath: m_LocalEulerAnglesHint.z
      value: 0
      objectReference: {fileID: 0}
    - target: {fileID: 2300000, guid: 41e803f37ceef4e4a9d12a23d7e1ed2f, type: 3}
      propertyPath: m_Materials.Array.data[0]
      value: 
      objectReference: {fileID: 2100000, guid: b9a2e0c8122680e40bde81259df823bb, type: 2}
    m_RemovedComponents: []
  m_SourcePrefab: {fileID: 100100000, guid: 41e803f37ceef4e4a9d12a23d7e1ed2f, type: 3}
--- !u!4 &6522952900776837312 stripped
Transform:
  m_CorrespondingSourceObject: {fileID: 400000, guid: 41e803f37ceef4e4a9d12a23d7e1ed2f,
    type: 3}
  m_PrefabInstance: {fileID: 6522952900777237056}
  m_PrefabAsset: {fileID: 0}
